3406 5400
661 421 843 479 dumio
865 422 1045 471 cumcun
1068 421 1252 471 obsum„

818 655 1104 722 RfflPONDEO:

439 870 519 933 Una
540 869 659 950 opinio
682 871 777 948 dicit,
794 870 888 951 quod
903 875 1076 950 concepta
1095 869 1163 932 fuit
1178 870 1213 932 in
1230 868 1393 949 originali
1413 878 1573 950 peccato,

350 982 386 1039 et
409 977 503 1057 quod
528 976 563 1038 in
587 977 712 1039 eodem
737 975 882 1039 instanti
899 976 965 1040 fuit
980 980 1133 1057 purgata
1148 982 1185 1038 et
1199 974 1433 1054 sanctificata,
1450 974 1487 1037 in
1502 974 1573 1037 alio

348 1088 468 1146 tamen
492 1089 528 1146 et
551 1083 623 1146 alio
647 1083 748 1164 signo
771 1084 928 1147 eiusdem
951 1083 1128 1147 instantis.

438 1189 540 1253 Unde
563 1195 708 1271 ponunt,
731 1192 824 1271 quod
850 1208 956 1254 unum
981 1190 1091 1271 possit
1114 1207 1193 1253 esse
1215 1189 1252 1251 in
1269 1207 1338 1251 uno
1360 1189 1505 1253 instanti
1521 1207 1573 1251 ra·

348 1295 445 1359 tione
470 1295 574 1360 unius
596 1297 688 1379 signi
712 1304 749 1360 et
771 1298 869 1361 aliud
893 1296 930 1360 in
959 1298 1083 1360 eodem
1114 1297 1249 1359 ratione
1281 1296 1437 1358 alterius.
1468 1294 1572 1374 Quod

348 1408 468 1465 autem
492 1403 597 1466 sitin
621 1405 746 1468 eodem
771 1403 915 1467 instanti
940 1404 1105 1481 accipere
1132 1401 1235 1481 plura
1258 1401 1372 1482 signa,
1395 1401 1464 1465 boc
1493 1420 1572 1481 pro·

349 1509 435 1571 baut
458 1527 521 1590 per
543 1511 747 1589 exemplum
772 1510 816 1571 de
840 1509 923 1570 faba
947 1508 1115 1570 obviante
1139 1506 1251 1588 lapidi
1275 1507 1410 1571 molari.
1426 1506 1464 1571 Si
1487 1508 1571 1571 faba

347 1615 581 1695 proiiceretur
603 1632 742 1678 sursum
766 1621 891 1678 contra
915 1615 1069 1694 lapidem
1093 1615 1265 1678 molarem
1286 1615 1571 1693 descendentem,

347 1739 428 1785 cum
452 1721 545 1802 lapis
568 1721 714 1785 molaris
736 1740 806 1785 non
823 1721 935 1803 possit
949 1721 1134 1803 quiescere
1150 1738 1257 1802 super
1275 1721 1409 1801 tabam,
1424 1739 1572 1785 necesse

348 1832 411 1909 est,
435 1829 529 1910 quod
563 1828 647 1892 taba
680 1828 717 1890 in
751 1829 876 1891 eodem
911 1829 1057 1891 instanti
1092 1829 1266 1893 ascendat
1299 1833 1336 1892 et
1369 1829 1571 1906 descendat,

347 1936 542 1998 secundum
569 1940 689 1998 tamen
720 1935 818 1998 aliud
849 1940 884 1997 et
914 1933 1013 1997 aliud
1036 1936 1175 2016 signum
1200 1935 1237 1997 in
1268 1935 1393 1998 eodem
1415 1935 1571 1998 instanti.

348 2077 390 2086 -
414 2041 457 2103 Et
479 2040 648 2105 similiter
670 2041 768 2105 aliud
791 2043 1011 2123 exemplum:
1034 2040 1175 2123 quando
1198 2041 1234 2104 in
1262 2041 1448 2123 materiam
1476 2039 1573 2104 aeris

346 2146 453 2210 debet
474 2146 594 2211 induci
628 2147 742 2210 forma
776 2149 879 2228 iguis,
902 2149 939 2211 in
973 2149 1098 2212 eodem
1134 2147 1280 2210 instanti
1316 2158 1369 2210 est
1392 2148 1571 2228 corruptio

346 2253 483 2317 formae
506 2254 601 2318 aeris
623 2259 660 2317 et
681 2246 839 2318 inductio
863 2255 1000 2318 formae
1016 2255 1119 2336 ignis,
1136 2271 1199 2335 pro
1223 2254 1294 2317 alio
1317 2254 1447 2317 etalio
1471 2254 1571 2334 signo
1674 2336 1679 2343 Ι

347 2359 506 2422 eiusdem
530 2359 704 2421 instantis.
738 2360 780 2420 Et
808 2361 860 2421 sic
892 2368 1034 2438 ponunt,
1058 2361 1332 2422 contradictoria
1364 2377 1468 2440 posse
1492 2377 1571 2423 esse

348 2465 383 2527 in
407 2463 561 2528 diversis
583 2463 694 2545 signis
718 2463 876 2526 eiusdem
900 2464 1073 2528 instantis.

434 2570 566 2636 Contra
588 2571 656 2635 hoc
678 2569 840 2652 arguitur
862 2568 933 2633 sic:
959 2570 1057 2632 Istud
1082 2590 1151 2635 non
1176 2573 1336 2654 intelligo
1352 2578 1495 2654 propter
1510 2575 1571 2636 du-

347 2677 475 2759 plicem
500 2695 660 2740 causam:
687 2695 757 2738 una
783 2681 837 2740 est
860 2676 967 2740 realis
990 2681 1027 2739 et
1049 2677 1120 2738 alia
1145 2683 1199 2738 est
1228 2685 1351 2741 contra
1379 2679 1569 2742 hominem.

245 2848 248 2854 ,
345 2781 461 2846 Causa
485 2781 594 2844 realis
617 2786 680 2861 est,
705 2781 788 2861 quia
812 2790 896 2842 tunc
920 2780 1197 2844 contradictoria
1220 2788 1338 2846 essent
1353 2784 1458 2847 simul
1483 2803 1568 2848 vera

346 2888 382 2952 in
407 2888 533 2952 eadem
562 2905 728 2951 mensura
759 2885 971 2950 indivisibili
1003 2886 1169 2969 realiter;
1193 2888 1444 2969 multiplicatio
1476 2891 1569 2954 enim

344 2996 551 3057 instantium
576 2999 631 3056 est
658 2993 909 3074 multiplicatio
939 2994 1134 3057 secundum
1165 2995 1356 3068 rationem;
1380 2996 1570 3061 diversitas

344 3104 463 3162 autem
487 3100 681 3162 secuudum
706 3099 880 3163 rationem
904 3118 974 3163 uon
997 3105 1114 3182 potest
1142 3101 1264 3165 facere
1294 3103 1569 3167 contradictoria

344 3223 423 3270 esse
447 3206 481 3268 in
506 3205 630 3270 eodem
655 3206 800 3280 instanti
824 3206 986 3270 realiter:
1004 3223 1088 3285 ergo
1112 3206 1220 3268 beata
1237 3207 1346 3286 Virgo
1370 3226 1439 3270 non
1456 3211 1569 3288 potuit

343 3312 448 3375 simul
472 3313 509 3375 in
533 3313 657 3376 eodem
678 3312 826 3376 instanti
842 3329 921 3376 esse
937 3311 1067 3375 infecta
1084 3316 1232 3392 peccato
1247 3317 1369 3375 reatus
1384 3313 1569 3394 originalis

344 3424 380 3481 et
403 3418 636 3482 sanctificata.

432 3524 513 3587 Alia
536 3541 646 3586 causa
670 3529 723 3587 est
747 3526 792 3606 ad
816 3525 1007 3588 homiuem.
1033 3524 1105 3606 Ipsi
1129 3524 1234 3602 euim,
1258 3522 1318 3603 qui
1342 3523 1409 3586 hoc
1432 3524 1567 3603 dicunt,

342 3636 474 3713 negant
496 3632 564 3696 hoc
588 3630 625 3695 in
647 3631 837 3697 consimili.
861 3633 994 3698 Dicunt
1017 3633 1124 3712 enim,
1141 3631 1236 3712 quod
1252 3630 1402 3710 angelus
1425 3649 1492 3692 non
1511 3651 1565 3711 po·

342 3738 451 3800 tuerit
466 3756 617 3816 peccare
633 3739 668 3797 in
687 3740 799 3814 primo
816 3740 962 3800 instanti
979 3757 1066 3799 suae
1081 3735 1285 3812 creationis,
1298 3735 1381 3814 quia
1399 3734 1435 3796 in
1452 3737 1566 3815 primo

344 3840 489 3905 instanti
512 3839 637 3902 habuit
659 3840 811 3917 primum
836 3844 954 3899 actum
986 3839 1136 3918 bonum;
1159 3839 1189 3901 si
1221 3845 1340 3902 autem
1372 3839 1409 3903 iu
1440 3843 1564 3907 eodem

343 3947 489 4009 instanti
514 3950 708 4026 peccasset,
731 3943 914 4007 habuisset
936 3947 1057 4005 actum
1080 3945 1226 4025 malum,
1250 3949 1286 4008 et
1309 3945 1358 4008 ita
1382 3947 1565 4012 habuisset

336 4059 460 4133 ‚actum
488 4052 618 4116 bonum
644 4058 679 4115 et
701 4057 820 4116 actum
843 4050 976 4113 malum
1000 4048 1037 4111 iu
1061 4050 1185 4114 eodem
1208 4052 1370 4132 instanti;
1394 4055 1488 4134 quod
1511 4061 1565 4118 est

341 4158 572 4239 impossibile.
596 4157 638 4220 Et
661 4162 781 4221 tamen
816 4158 1009 4221 secuudum
1044 4174 1105 4220 cos
1138 4157 1205 4220 hoc
1240 4159 1364 4222 luisset
1397 4160 1564 4239 possibile

341 4266 536 4329 secundum
559 4264 705 4328 diversa
727 4265 829 4346 signa
853 4265 1011 4328 eiusdem
1035 4264 1209 4328 instantis.

431 4370 611 4451 Quidquid
634 4373 679 4434 sit
703 4373 747 4433 de
770 4372 883 4450 primo
900 4372 1075 4452 exemplo,
1091 4370 1183 4434 alias
1207 4369 1274 4433 erit
1292 4387 1408 4434 sermo
1424 4372 1468 4436 de
1484 4374 1561 4439 boc.

341 4479 542 4542 Secundum
566 4476 768 4556 exemplum
792 4495 861 4539 non
885 4479 1002 4540 estad
1028 4476 1255 4560 propositum,
1272 4478 1355 4559 quia
1378 4482 1562 4560 generatio

341 4583 435 4664 iguis
457 4588 494 4646 et
517 4583 693 4663 corruptio
716 4582 813 4645 aeris
836 4601 905 4646 non
936 4588 1017 4646 suut
1048 4584 1216 4664 opposita,
1241 4590 1277 4647 et
1308 4584 1387 4648 ideo
1416 4596 1562 4666 possunt
