3406 5400
241 1289 390 1345 Praefatio
427 1329 744 1346 ........
768 1285 789 1344 '.
827 1331 833 1343 .
859 1264 862 1269 ⁵
871 1330 1280 1346 ..........
1317 1253 1391 1362 Pop.
1418 1306 1463 1346 vn

507 1467 723 1531 ouansrro
742 1467 952 1521 omnum
970 1424 1193 1523 susanna.
1259 1446 1262 1453 “

238 1641 409 1710 Quaeritur,
425 1648 528 1696 utrum
543 1642 631 1698 beata
645 1641 739 1713 Virgo
758 1648 902 1714 oonoepta
914 1641 1051 1699 fueritin
1065 1644 1205 1714 originali
1218 1650 1348 1714 peceato.
1385 1685 1391 1699 .
1448 1647 1462 1698 1

499 1822 716 1886 QUAESTIO
734 1822 912 1876 IOANNIS
930 1823 1047 1876 DUNS
1066 1817 1197 1876 SOO'I'I.

240 1998 351 2053 Utrum
370 1999 458 2056 beata
478 1999 572 2071 Virgo
591 2006 735 2070 eonoepta
754 1999 848 2054 fuerit
867 2001 898 2054 in
917 2000 1058 2077 originali
1077 1999 1216 2070 peceato?
1253 2040 1258 2054 .
1297 2041 1302 2053 .
1342 2041 1347 2054 .
1385 2041 1391 2054 .
1429 2002 1463 2053 12

541 2178 796 2231 TRAO'I'A'I'US
816 2179 939 2232 PETRI
957 2180 1160 2233 AUREOLI.

240 2351 423 2410 Osriruaun
442 2352 465 2406 I.
485 2351 521 2406 In
540 2368 599 2422 quo
618 2357 772 2422 ponuntur
791 2354 989 2408 auctoritates
1015 2356 1154 2423 aanonls,
1174 2354 1280 2410 deinde
1297 2368 1390 2412 sane-

309 2445 425 2508 torum‚
445 2442 537 2497 tertio
555 2444 708 2507 ratione-⁴1,
728 2441 837 2512 quibus
857 2442 979 2498 videtur
998 2442 1144 2511 concludi,
1163 2443 1242 2512 quod
1255 2443 1392 2498 fueritin

309 2530 451 2600 originali
471 2536 592 2600 peccato
612 2535 754 2601 oonospta
757 2570 1390 2587 ...............
1427 2533 1462 2586 23

137 2660 140 2665 .
239 2618 422 2673 Carnuntas
441 2617 479 2672 II.
500 2618 535 2673 In
555 2636 615 2689 quo
639 2630 794 2689 ponuntur
817 2620 964 2689 quaedam
983 2620 1192 2674 distinctiones
1211 2625 1243 2674 et
1261 2625 1391 2690 punctus

152 2766 155 2771 ,
201 2716 206 2721 ’
309 2707 509 2777 inquirendus
535 2747 1390 2764 ....................
1427 2709 1462 2763 35

237 2793 420 2852 Oarirunun
440 2795 494 2850 ΙΙΙ.
514 2796 549 2850 ln
569 2813 628 2866 quo
654 2795 808 2866 probatur,
834 2797 913 2867 quod
938 2796 1021 2851 Deus
1040 2797 1076 2852 de
1095 2798 1230 2868 potentia
1253 2797 1391 2853 ordinata

309 2886 409 2954 potuit
429 2883 586 2955 Virginem
605 2902 810 2955 praeservare,
829 2903 867 2941 ne
887 2885 1034 2957 originale
1053 2885 1258 2941 contraheret.
1297 2925 1302 2939 .
1341 2927 1346 2938 .
1385 2926 1391 2940 .
1427 2886 1462 2939 49

238 2971 420 3028 Oarrrnuun
439 2971 489 3027 IV.
509 2972 545 3027 In
565 2991 625 3043 quo
643 2974 823 3042 ostenditur,
844 2974 923 3044 quod
941 2975 977 3028 de
997 2990 1114 3027 summa
1137 2973 1273 3029 decentia
1295 2973 1392 3043 ipsam·

308 3062 408 3131 potuit
427 3078 624 3132 praeservare
627 3101 1390 3119 ..................
1427 3061 1462 3116 53

236 3148 419 3204 Csslrunun
440 3148 473 3203 V.
493 3148 530 3202 In
549 3167 608 3219 quo
627 3150 808 3219 ostenditur,
826 3151 906 3221 quod
925 3151 1038 3221 absque
1057 3150 1127 3206 fidei
1145 3151 1279 3221 periculo
1292 3155 1392 3220 potest

309 3239 417 3305 teneri,
436 3239 516 3308 quod
536 3238 618 3294 Deus
638 3257 704 3294 eam
723 3241 933 3310 praeservavit
950 3239 987 3294 de
1006 3239 1099 3293 facto:
1118 3256 1173 3293 neo
1187 3256 1329 3309 unapars
1343 3239 1391 3295 vel

309 3327 369 3382 alia
388 3335 435 3382 est
453 3328 489 3383 de
510 3329 693 3382 necessitate
711 3327 789 3396 fidei,
808 3327 901 3382 donea
914 3345 967 3398 per
980 3328 1144 3382 Eoolesiam
1157 3328 1391 3383 determinatum

309 3415 411 3486 fuerit,
432 3416 505 3487 quid
525 3416 687 3471 tenendum
716 3456 1389 3473 ................
1427 3415 1461 3470 71

237 3504 419 3561 Oarrrunuu
440 3505 489 3560 VI.
509 3506 544 3560 ln
564 3524 623 3575 quo
643 3506 806 3561 solvuntur
825 3507 1024 3561 auctoritates
1044 3513 1074 3561 et
1093 3507 1225 3561 rationes
1244 3507 1276 3562 in
1295 3507 1391 3577 primo

309 3595 440 3664 capitulo
463 3595 636 3648 inductae.
676 3635 681 3647 .
719 3634 724 3646 .
764 3634 769 3646 .
807 3626 814 3646 -.
852 3634 1035 3647 .....
1046 3652 1048 3656 Α
1074 3634 1389 3649 ........
1427 3594 1462 3648 78

457 3764 860 3827 'RnPnROUSSORIUM
879 3774 1003 3827 PETRI
1021 3774 1224 3828 AUREOLI.

237 3948 408 4003 OONGLUSIO
427 3946 450 4001 Ι.
470 3945 554 4012 Quod
574 3949 727 4018 appetitus
748 3950 913 4006 sensitivus
928 3967 1000 4004 suae
1013 3957 1141 4004 naturae
1154 3950 1317 4004 derelictus
1330 3967 1390 4003 non

308 4036 418 4107 estid,
445 4053 463 4089 a
491 4054 550 4106 quo
580 4038 679 4091 oritur
708 4039 846 4093 earnalis
862 4039 1006 4093 stimulus
1025 4045 1081 4093 aut
1108 4038 1231 4093 rebellio
1249 4036 1390 4105 actualis,

307 4127 381 4196 quin
399 4126 491 4179 immo
509 4127 608 4179 oritur
628 4144 664 4181 ex
684 4128 831 4198 qualitate
850 4127 951 4198 aliqua
970 4129 1082 4184 vitiosa
1100 4128 1231 4199 positiva
1243 4132 1275 4181 et
1287 4127 1389 4181 addita

306 4221 429 4270 nostras
455 4214 554 4269 earnis
580 4215 770 4271 substantiae
796 4235 830 4271 ao
850 4219 984 4272 naturali
1002 4205 1155 4289 potentiae
1174 4217 1339 4287 appetitus3
1359 4223 1390 4270 et

307 4311 355 4359 est
373 4305 433 4359 ista
452 4304 584 4375 qualitas
603 4305 760 4361 materiale
780 4307 812 4359 in
834 4307 975 4376 originali
993 4313 1115 4378 peceato
1117 4345 1299 4361 .....
1329 4334 1344 4359 -.
1382 4346 1388 4358 .
1426 4307 1460 4358 96

236 4394 408 4449 concauam
427 4392 466 4448 ΙΙ.
485 4393 570 4459 Quod
589 4395 719 4466 privatio
738 4395 895 4464 originalis
915 4395 1050 4450 iustitiae
1069 4411 1130 4449 non
1149 4398 1196 4449 est
1214 4393 1338 4449 formale
1357 4394 1390 4447 in

307 4489 427 4554 peceato
456 4483 605 4554 originali,
634 4484 686 4538 sed
715 4484 870 4538 materiale
900 4484 1122 4551 tautummodo;
1150 4500 1205 4538 neo
1230 4500 1388 4538 numerum

307 4589 420 4643 ponens
439 4573 477 4627 ad
495 4573 586 4642 aliud,
606 4573 687 4643 quod
706 4572 872 4628 habitualis
892 4573 1015 4628 rebellio
1033 4579 1254 4643 nuncupatur.
1294 4614 1299 4626 .
1338 4613 1343 4626 .
1382 4574 1460 4626 .105
