3406 5400
323 539 648 664 cuiusuis
684 542 1007 644 denisium
1043 544 1374 645 dennuni

694 798 1011 836 *mmm-

375 1173 576 1254 Quaeritur,
602 1178 725 1240 utrum
749 1179 857 1242 beata
879 1168 991 1257 Virgo
1015 1180 1189 1257 concepta
1213 1179 1325 1244 fuerit

635 1282 674 1345 in
697 1283 867 1360 originali
891 1287 1053 1362 peccato.

331 1490 428 1561 Quod
451 1493 524 1556 sio:

329 1601 356 1661 i.
381 1597 626 1663 Damascenus
650 1600 740 1664 libro
764 1600 815 1664 III
840 1618 869 1665 c.
895 1599 954 1666 2¹:
987 1629 1001 1656 «
1017 1600 1168 1682 Spiritus
1184 1605 1327 1666 sanctus
1344 1619 1464 1682 super-

237 1704 336 1768 venit
359 1722 514 1787 purgans
530 1704 643 1785 ipsam
659 1734 672 1761 »
691 1726 699 1770 ε
724 1724 808 1787 ergo
825 1707 960 1788 aliquid
976 1706 1112 1786 habuit,
1131 1709 1222 1788 quod
1241 1708 1462 1789 purgandum

237 1811 319 1893 iuit3
344 1811 412 1875 hoo
435 1830 505 1875 non
529 1816 582 1876 est
605 1812 674 1875 nisi
690 1816 891 1894 peccatum,
909 1831 978 1877 non
996 1814 1152 1878 actuale:
1171 1830 1255 1895 ergo
1277 1813 1462 1896 originale.

326 1919 355 1981 2.
381 1918 480 1998 Item,
508 1918 726 2001 Augustinus
753 1919 844 1983 libro
869 1919 884 1982 I
908 1919 958 1984 De
990 1919 1168 2001 baptismo
1190 1917 1464 2002 pcrrollloraat2

237 2024 332 2105 dicit,
357 2026 449 2105 quod
481 2051 495 2078 ‹
511 2026 605 2090 solus
630 2025 789 2091 Christus
814 2026 891 2090 sine
917 2031 1062 2107 peccato
1090 2031 1193 2090 natus
1218 2027 1282 2089 fuit
1298 2053 1330 2089 ».

326 2132 356 2195 3.
381 2130 481 2212 Item,
507 2132 600 2195 idem
624 2132 711 2193 dicit
732 2133 823 2196 libro
848 2133 881 2196 ΙΙ
905 2132 954 2198 De
975 2132 1153 2214 baptismo
1175 2134 1422 2214 parvolorum
1439 2129 1463 2194 ³.
1585 2117 1590 2127 ‘

226 2289 229 2295 .
325 2239 355 2300 4.
381 2238 481 2319 item,
507 2242 692 2318 peccatum
717 2237 781 2300 fuit
804 2238 1036 2319 obstaculum,
1062 2241 1321 2321 propterquod
1346 2241 1464 2303 exciu-

139 2345 149 2356 “
237 2344 412 2430 debentur
427 2340 589 2406 homines
612 2342 657 2406 ab
681 2342 843 2424 ingressu
859 2343 1026 2406 caelestis
1043 2344 1192 2424 patriae,
1211 2361 1303 2425 quae
1319 2343 1461 2424 quidem

235 2450 343 2513 ianua
368 2453 493 2531 aperta
515 2450 582 2514 fuit
605 2468 668 2530 per
691 2449 909 2531 passionem:
927 2466 1022 2530 ergo,
1040 2448 1070 2513 si
1092 2451 1197 2513 beata
1213 2449 1323 2532 Virgo
1340 2451 1463 2514 fuisset

235 2557 311 2620 sine
336 2557 429 2619 omni
454 2561 601 2637 peccato
618 2560 654 2618 et
671 2559 808 2637 mortua
825 2554 950 2619 fuisset
966 2559 1049 2618 ante
1066 2556 1278 2636 passionem,
1295 2556 1463 2619 intrasset

235 2664 384 2744 caelum,
410 2666 444 2727 et
467 2663 516 2726 ita
540 2680 610 2726 non
634 2661 797 2726 omnibus
822 2662 947 2726 fuisset
971 2662 1078 2725 ianua
1100 2665 1225 2743 aperta
1244 2680 1308 2743 per
1327 2662 1461 2743 passio-

235 2787 315 2833 nem
341 2768 480 2854 Christi,
504 2786 570 2833 nec
593 2770 699 2832 beata
725 2768 833 2851 Virgo
864 2766 1075 2850 indiguisset
1106 2759 1350 2849 redemptione
1381 2767 1461 2832 Filii

235 2875 308 2957 sui;
334 2876 425 2958 quod
450 2879 504 2939 est
527 2876 798 2940 inconveniens,

325 2982 355 3046 5.
380 2981 479 3063 Item,
504 2981 554 3047 De
577 2983 850 3048 consecratione
875 2984 906 3047 d.
924 2981 975 3045 ΙΙΙ
999 2999 1029 3046 c.
1051 2984 1064 3044 i
1083 2979 1096 3015 ‘²
1114 2982 1154 3045 ia
1175 2980 1462 3046 annuntiatione

235 3089 508 3153 solemnitatum
540 3089 667 3151 dicitur
698 3089 734 3151 in
765 3095 956 3169 apparatu:
989 3084 1184 3152 «De'festo
1214 3088 1463 3169 Conceptionis

236 3193 323 3258 nihil
348 3194 406 3258 hic
430 3194 567 3275 dicitur,
585 3193 670 3276 quia
693 3194 946 3259 celebrandum
964 3214 1032 3259 non
1050 3199 1121 3276 est3
1140 3194 1176 3257 in
1194 3195 1351 3275 peccatis
1368 3195 1462 3257 enim

237 3305 408 3381 concepta
432 3301 497 3364 fuit
514 3327 544 3363 ».

748 3512 948 3579 CONTRA:

328 3729 342 3790 1
369 3726 424 3790 Ad
447 3727 544 3808 Rom.
565 3725 602 3787 ii
617 3718 648 3787 5:
666 3721 707 3787 Si
730 3721 846 3787 radiae
862 3724 1001 3800 sancto,
1021 3723 1057 3788 et
1073 3724 1193 3800 roma·
1213 3725 1275 3786 sed
1293 3729 1462 3806 parentes

172 3916 177 3925 φ
237 3835 366 3897 beatae
390 3831 548 3914 Virginis
572 3832 714 3894 inerunt
738 3830 871 3894 sancti:
897 3848 982 3912 ergo
1006 3830 1155 3912 etipsa.

255 3949 257 3953 ·
326 3940 357 4004 2.
381 3939 481 4020 item,
513 3939 617 4002 aliter
649 3938 777 4002 festum
809 3937 1057 4019 Conceptionis
1089 3957 1159 4002 non
1191 3943 1309 4018 posset
1336 3956 1464 4002 conve·

236 4047 376 4110 nienter
392 4044 581 4124 celebrari,
594 4045 677 4127 quia
692 4063 784 4128 quae
801 4044 975 4109 connexio
992 4044 1132 4125 peccati
1151 4044 1196 4107 ad
1212 4044 1465 4108 sanctitatem?
1498 4031 1503 4038 ’

239 4153 359 4234 Quare
384 4157 451 4218 etc.

238 4291 450 4298 ———

310 4367 317 4397 1
337 4366 441 4436 epora
461 4367 505 4419 ne
523 4365 581 4435 fiae
599 4346 781 4428 batanaea·
800 4360 851 4415 cfr.
873 4362 985 4433 migne,
1005 4360 1037 4415 r.
1057 4361 1092 4415 e.
1114 4361 1158 4427 94,
1177 4362 1238 4415 eea

308 4455 319 4486 ⁹
338 4453 368 4508 0.
389 4454 424 4506 29
443 4471 473 4508 n.
492 4453 536 4507 57.
994 4451 1004 4482 ³
1023 4451 1053 4506 0.
1072 4451 1108 4505 20
1126 4469 1156 4506 n.
1174 4450 1209 4504 34
1228 4456 1259 4504 et
1276 4468 1299 4503 o.
1319 4451 1354 4501 24
1373 4468 1400 4503 n.
1420 4449 1463 4502 38.

308 4543 455 4597 4Decreti
474 4542 618 4598 Gratiani
626 4558 638 4608 ,·
657 4540 710 4594 cfr.
730 4539 808 4595 lidie.
829 4540 965 4595 Romana
985 4546 1055 4595 tom.
1076 4541 1106 4594 ΙΙ
1125 4541 1178 4595 col.
1198 4539 1276 4593 2573.

308 4632 424 4686 ⁵Vers.
445 4632 486 4685 16.

1339 4737 1354 4786 l
