3406 5400
657 349 870 400 sermonum
895 351 946 400 111.
1372 340 1415 402 49

189 473 351 539 habendo
376 480 576 557 respectum
602 478 646 540 ad
671 477 775 542 istam
797 478 1071 543 mundationem.
1092 515 1132 524 -
1149 480 1217 544 Sed
1234 481 1301 544 hoc
1318 487 1414 544 stare

190 598 259 645 non
276 585 399 662 potest,
413 588 486 647 tum
503 585 586 665 quia
602 583 727 649 obviat
743 585 912 650 Anselmo
929 585 1070 667 dicenti,
1085 585 1135 652 De
1151 587 1326 668 conceptu
1342 588 1413 651 oir-

187 688 317 768 9iaoli‚
344 707 373 754 c.
400 690 418 754 l
438 691 459 770 ¹,
483 679 587 771 quod'
605 709 701 754 ‹non
727 693 839 756 estin
863 693 997 757 semine
1020 693 1157 774 aliquid
1181 693 1295 776 magis
1319 711 1414 757 mun·

188 793 317 875 dabile,
342 813 446 876 quam
471 795 507 859 in
531 797 706 879 sanguine
723 799 782 863 vel
800 798 837 863 in
853 803 956 880 sputo
973 823 1003 874 »;
1022 805 1094 863 tum
1112 798 1197 880 quia
1215 816 1284 862 non
1305 817 1414 881 appa-

188 904 253 981 ret,
277 919 369 982 quae
393 902 545 983 qualitas
569 904 729 968 morbida
754 906 849 970 sitin
874 907 1008 969 semine
1032 907 1146 970 autin
1163 906 1312 970 materia
1336 905 1412 970 illa.

187 1005 264 1071 Non
287 1009 379 1072 enim
406 1014 460 1074 est
482 1010 544 1075 illa
567 1011 723 1093 qualitas
746 1012 895 1077 rebellio
919 1012 1114 1077 habitualis
1139 1013 1216 1077 sive
1248 1013 1413 1093 concupi·

187 1114 334 1195 scentia,
358 1116 441 1197 quia
464 1117 618 1180 nondum
636 1122 690 1180 est
706 1119 883 1195 animata;
898 1119 987 1183 baec
1003 1123 1123 1183 autem
1141 1137 1208 1183 non
1230 1126 1311 1183 sunt
1327 1118 1413 1182 alibi

186 1237 292 1301 quam
317 1220 355 1283 iu
377 1221 500 1285 anima
521 1221 736 1303 subiective;
761 1241 828 1286 nec
852 1228 968 1304 potest
991 1208 1073 1305 poni
1096 1225 1216 1308 aliqua
1232 1242 1412 1306 corporea,

187 1325 320 1390 foetida
342 1331 377 1390 et
400 1327 583 1390 immunda
607 1327 773 1409 qualitas,
798 1347 879 1394 cum
912 1330 957 1395 sit
988 1333 1231 1412 «superfluum
1264 1333 1412 1395 ultimae

187 1431 394 1512 digestionis
410 1429 422 1467 ²
440 1453 470 1514 »3
496 1434 588 1498 unde
613 1437 666 1498 est
690 1434 817 1498 humor
839 1435 963 1516 purior
985 1437 1078 1501 inter
1100 1437 1266 1502 humores
1290 1455 1412 1518 corpo-

185 1538 297 1615 rales3
323 1556 390 1603 nec
412 1543 528 1621 potest
544 1527 637 1624 pon'i,
655 1542 749 1624 quod
766 1541 813 1604 sit
828 1542 949 1624 aliqua
966 1542 1080 1607 virtus
1097 1543 1282 1608 continens
1298 1544 1413 1607 rebel-

186 1643 316 1708 lionem
341 1645 524 1727 effective;
542 1665 624 1711 nam
649 1649 763 1711 virtus
786 1647 988 1728 formative,
1011 1667 1104 1729 quae
1128 1655 1181 1711 est
1205 1648 1241 1710 iu
1265 1648 1412 1729 semine,

185 1750 279 1816 sicut
302 1753 582 1833 complexionem
609 1759 645 1817 et
668 1771 812 1818 carnem
838 1753 997 1818 continet
1020 1754 1232 1835 virtualiter,
1256 1755 1308 1819 sic
1331 1772 1412 1819 con-

184 1857 273 1921 tinet
296 1858 397 1923 illam
420 1859 663 1941 rebellionem,
688 1878 780 1942 quae
804 1866 857 1926 est
880 1861 1079 1942 proprietas
1103 1861 1356 1942 complexionis
1377 1865 1412 1923 et

185 1964 318 2046 carnis3
351 1983 460 2046 quare
491 1985 560 2031 non
594 1966 737 2032 videtur
767 1967 920 2031 materia
952 1967 1013 2029 illa
1045 1968 1255 2048 purgatione
1290 1967 1410 2046 aliqua

184 2070 354 2152 indigere.

272 2176 495 2258 Relinquitur
518 2175 637 2258 igitur,
661 2178 755 2258 quod
779 2183 915 2240 tantum
940 2186 1060 2243 currat
1080 2177 1242 2259 quaestio
1260 2180 1303 2240 de
1320 2179 1408 2240 hora

184 2282 371 2348 infusionis
394 2282 553 2348 animae:
572 2302 618 2348 an
643 2287 727 2348 tunc
744 2300 788 2347 ex
806 2281 934 2347 unione
958 2285 1003 2346 ad
1026 2301 1171 2348 carnem
1194 2284 1412 2348 contraxerit

182 2388 249 2454 Dei
261 2388 442 2471 offensam,
456 2390 587 2472 odium,
599 2391 742 2472 culpam
756 2394 792 2454 et
803 2389 904 2470 iram,
917 2394 978 2454 aut
989 2390 1098 2455 fuerit
1109 2395 1233 2456 creata
1245 2390 1281 2455 in
1294 2391 1409 2472 gratia

183 2499 218 2560 et
230 2496 296 2560 Dei
309 2514 430 2561 amore
443 2497 506 2578 sic,
519 2498 612 2578 quod
624 2516 818 2578 numquam
828 2497 923 2560 odita
932 2498 1069 2560 fuerita
1078 2498 1207 2560 dilecto
1217 2498 1308 2558 Filio
1323 2497 1408 2558 suo?

140 2602 143 2606 “
271 2603 315 2666 Εῖ
337 2604 396 2667 hic
419 2607 473 2669 est
496 2607 646 2686 punctus
670 2603 898 2686 quaestionis,
917 2602 954 2664 in
978 2620 1046 2682 quo
1065 2602 1258 2682 capitulum
1284 2619 1405 2677 secun·

183 2710 265 2773 dum
289 2710 418 2775 finitur.
452 2736 455 2740 ·

639 2924 859 2988 Olrmunum
885 2923 945 2984 Ill.

198 3115 244 3178 Io
269 3133 335 3196 quo
357 3115 550 3196 probatur,
578 3114 671 3198 quod
699 3115 786 3180 Deus
810 3116 1044 3199 deputastis
1068 3115 1244 3180 or‘dioata
1266 3117 1388 3196 potuit

278 3221 476 3304 ⁴Virpinem
497 3239 755 3304 praeservare,
783 3240 827 3288 oe
852 3222 1034 3303 eripimule
1058 3220 1307 3283 contraheret.

269 3431 495 3512 (quaestionis
515 3432 635 3513 itaque
658 3431 840 3496 intellectu
861 3433 1066 3513 praemisso,
1088 3437 1198 3496 restat
1215 3431 1405 3513 inquirere,

181 3543 296 3601 utrum
329 3539 424 3603 Deus
449 3539 601 3621 potuerit
625 3536 778 3598 animam
803 3541 931 3600 beatae
963 3539 1129 3617 Virginis,
1155 3557 1199 3601 ne
1231 3538 1405 3620 originale

180 3645 415 3722 contraheret,
431 3642 472 3729 in¹
484 3624 570 3704 bora
585 3639 769 3726 infusionis
786 3639 937 3720 animae,
955 3642 998 3703 de
1016 3640 1174 3720 potentia
1189 3643 1350 3704 absoluta
1371 3649 1406 3705 et

179 3768 244 3813 sua
261 3747 515 3829 omnipotentia
529 3763 775 3828 praeservare.
787 3746 832 3833 Et
842 3745 1084 3822 indubitanter
1096 3747 1294 3827 dicendum,
1312 3749 1405 3829 quod

179 3856 248 3931 sic;
273 3857 380 3919 immo
405 3860 528 3920 tenens
552 3849 645 3938 quod
669 3873 749 3937 non,
773 3854 833 3920 vel
859 3855 902 3918 de
926 3855 993 3918 hoc
1017 3855 1193 3935 dubitans,
1220 3854 1344 3920 incidit
1368 3856 1405 3918 in

179 3961 367 4026 articulum
385 3959 437 4026 de
461 3961 584 4026 divina
604 3962 773 4043 potentia,
797 3980 865 4043 quo
891 3961 1038 4025 dicitur:
1067 3961 1207 4025 «Credo
1232 3963 1266 4024 in
1291 3961 1404 4026 Deum

179 4068 320 4133 Patrem
345 4069 665 4150 omnipotentem».
691 4068 835 4132 Maioris
859 4070 953 4132 enim
978 4068 1157 4150 potentiae
1180 4073 1234 4133 est
1254 4069 1350 4132 Deus
1368 4069 1404 4132 in

179 4176 357 4255 parcendo
376 4180 410 4238 et
426 4178 597 4261 offensam
614 4175 791 4257 propriam
806 4174 1026 4255 dimittendo,
1040 4193 1146 4256 quam
1163 4175 1211 4239 sit
1223 4176 1327 4241 bomo
1343 4179 1405 4240 aut

178 4282 299 4362 aliqua
312 4282 382 4345 alia
396 4282 579 4347 rationalis
592 4286 768 4346 creatura.
778 4282 847 4347 Sed
859 4283 1091 4362 homopotest
1104 4283 1274 4344 offensam
1288 4286 1323 4344 et
1336 4284 1404 4344 cul-

178 4407 259 4468 pam
284 4390 320 4451 in
337 4407 417 4452 eum
434 4390 657 4453 commissam
672 4389 853 4454 remittere
870 4394 906 4453 et
922 4390 1055 4454 donare
1071 4388 1277 4471 liberaliter,
1295 4387 1402 4452 etiam

249 4528 257 4557 ¹
297 4526 407 4595 Migne,
429 4527 458 4580 Ρ.
479 4528 511 4580 L.
533 4527 592 4596 158,
611 4528 673 4581 441.
751 4530 761 4559 ²
781 4528 919 4595 Aristot,
939 4528 962 4580 I.
982 4530 1025 4582 De
1035 4531 1165 4599 peramat.
1177 4528 1310 4594 animal,
1322 4545 1347 4581 c.
1362 4528 1402 4580 18.

1279 4635 1297 4686 4
