<?xml version="1.0" encoding="UTF-8"?>
<!DOCTYPE html PUBLIC "-//W3C//DTD XHTML 1.0 Transitional//EN"
    "http://www.w3.org/TR/xhtml1/DTD/xhtml1-transitional.dtd">
<html xmlns="http://www.w3.org/1999/xhtml" xml:lang="en" lang="en">
 <head>
  <title>
</title>
<meta http-equiv="Content-Type" content="text/html;charset=utf-8" />
  <meta name='ocr-system' content='tesseract 3.04.00' />
  <meta name='ocr-capabilities' content='ocr_page ocr_carea ocr_par ocr_line ocrx_word'/>
</head>
<body>
  <div class='ocr_page' id='page_1' title='image "./quaestionesdisp00scotgoog_0035.png"; bbox 0 0 3406 5400; ppageno 0'>
   <div class='ocr_carea' id='block_1_1' title="bbox 258 458 1322 636">
    <p class='ocr_par' dir='ltr' id='par_1_1' title="bbox 258 458 1322 636">
     <span class='ocr_line' id='line_1_1' title="bbox 258 458 1322 636; baseline 0 -30"><span class='ocrx_word' id='word_1_1' title='bbox 258 458 585 636; x_wconf 79' lang='lat' dir='ltr'>nunusrro</span> <span class='ocrx_word' id='word_1_2' title='bbox 620 506 896 609; x_wconf 79' lang='lat' dir='ltr'>lonnuis</span> <span class='ocrx_word' id='word_1_3' title='bbox 930 505 1106 608; x_wconf 84' lang='lat' dir='ltr'>nous</span> <span class='ocrx_word' id='word_1_4' title='bbox 1141 506 1322 608; x_wconf 81' lang='lat' dir='ltr'>soon</span> 
     </span>
    </p>
   </div>
   <div class='ocr_carea' id='block_1_2' title="bbox 609 759 970 829">
    <p class='ocr_par' dir='ltr' id='par_1_2' title="bbox 609 759 970 829">
     <span class='ocr_line' id='line_1_2' title="bbox 609 759 970 829; baseline 0 -32"><span class='ocrx_word' id='word_1_5' title='bbox 609 759 970 829; x_wconf 39' lang='lat' dir='ltr'>,ww-</span> 
     </span>
    </p>
   </div>
   <div class='ocr_carea' id='block_1_3' title="bbox 205 1200 1380 1309">
    <p class='ocr_par' dir='ltr' id='par_1_3' title="bbox 205 1200 1380 1309">
     <span class='ocr_line' id='line_1_3' title="bbox 205 1200 1380 1309; baseline -0.003 -16"><span class='ocrx_word' id='word_1_6' title='bbox 205 1230 331 1294; x_wconf 86' lang='lat' dir='ltr'>Utrum</span> <span class='ocrx_word' id='word_1_7' title='bbox 355 1231 463 1294; x_wconf 84' lang='lat' dir='ltr'>beata</span> <span class='ocrx_word' id='word_1_8' title='bbox 485 1229 797 1309; x_wconf 79' lang='lat' dir='ltr'>Virgoaoncepta</span> <span class='ocrx_word' id='word_1_9' title='bbox 821 1229 993 1294; x_wconf 85' lang='lat' dir='ltr'>fueritin</span> <span class='ocrx_word' id='word_1_10' title='bbox 1016 1200 1185 1306; x_wconf 80' lang='lat' dir='ltr'>originali</span> <span class='ocrx_word' id='word_1_11' title='bbox 1207 1228 1380 1304; x_wconf 77' lang='lat' dir='ltr'>peceato?</span> 
     </span>
    </p>
   </div>
   <div class='ocr_carea' id='block_1_4' title="bbox 85 1433 1429 3540">
    <p class='ocr_par' dir='ltr' id='par_1_4' title="bbox 85 1433 1402 1625">
     <span class='ocr_line' id='line_1_4' title="bbox 265 1433 1402 1517; baseline -0.006 -15"><span class='ocrx_word' id='word_1_12' title='bbox 265 1439 368 1502; x_wconf 83' lang='lat' dir='ltr'>Circa</span> <span class='ocrx_word' id='word_1_13' title='bbox 393 1439 656 1502; x_wconf 81' lang='lat' dir='ltr'>distinctionem</span> <span class='ocrx_word' id='word_1_14' title='bbox 674 1438 725 1498; x_wconf 88' lang='lat' dir='ltr'>ill</span> <span class='ocrx_word' id='word_1_15' title='bbox 748 1452 892 1515; x_wconf 87' lang='lat' dir='ltr'>quaero,</span> <span class='ocrx_word' id='word_1_16' title='bbox 910 1437 1027 1496; x_wconf 93' lang='lat' dir='ltr'>utrum</span> <span class='ocrx_word' id='word_1_17' title='bbox 1043 1433 1148 1498; x_wconf 87' lang='lat' dir='ltr'>beata</span> <span class='ocrx_word' id='word_1_18' title='bbox 1170 1434 1278 1517; x_wconf 88' lang='lat' dir='ltr'>Virgo</span> <span class='ocrx_word' id='word_1_19' title='bbox 1295 1433 1402 1497; x_wconf 84' lang='lat' dir='ltr'>fuerit</span> 
     </span>
     <span class='ocr_line' id='line_1_5' title="bbox 85 1526 779 1625; baseline -0.01 -16"><span class='ocrx_word' id='word_1_20' title='bbox 85 1526 87 1532; x_wconf 36' lang='lat'><strong><em>¹</em></strong></span> <span class='ocrx_word' id='word_1_21' title='bbox 176 1548 348 1625; x_wconf 88' lang='lat' dir='ltr'>concepta</span> <span class='ocrx_word' id='word_1_22' title='bbox 372 1544 408 1606; x_wconf 92' lang='lat' dir='ltr'>in</span> <span class='ocrx_word' id='word_1_23' title='bbox 432 1547 580 1624; x_wconf 89' lang='lat' dir='ltr'>peccato</span> <span class='ocrx_word' id='word_1_24' title='bbox 605 1540 779 1622; x_wconf 84' lang='lat' dir='ltr'>originali.</span> 
     </span>
    </p>

    <p class='ocr_par' dir='ltr' id='par_1_5' title="bbox 268 1649 461 1721">
     <span class='ocr_line' id='line_1_6' title="bbox 268 1649 461 1721; baseline -0.041 0"><span class='ocrx_word' id='word_1_25' title='bbox 268 1649 366 1721; x_wconf 82' lang='lat' dir='ltr'>Quod</span> <span class='ocrx_word' id='word_1_26' title='bbox 388 1650 461 1714; x_wconf 82' lang='lat' dir='ltr'>sic:</span> 
     </span>
    </p>

    <p class='ocr_par' dir='ltr' id='par_1_6' title="bbox 176 1753 1401 2052">
     <span class='ocr_line' id='line_1_7' title="bbox 267 1753 1399 1836; baseline -0.001 -18"><span class='ocrx_word' id='word_1_27' title='bbox 267 1759 296 1820; x_wconf 86' lang='lat'>1.</span> <span class='ocrx_word' id='word_1_28' title='bbox 323 1758 370 1820; x_wconf 85' lang='lat' dir='ltr'>la</span> <span class='ocrx_word' id='word_1_29' title='bbox 393 1758 507 1820; x_wconf 84' lang='lat' dir='ltr'>Adam</span> <span class='ocrx_word' id='word_1_30' title='bbox 533 1773 654 1820; x_wconf 75' lang='lat' dir='ltr'>coines</span> <span class='ocrx_word' id='word_1_31' title='bbox 676 1755 933 1836; x_wconf 79' lang='lat' dir='ltr'>peccaverunt,</span> <span class='ocrx_word' id='word_1_32' title='bbox 962 1755 1008 1818; x_wconf 90' lang='lat' dir='ltr'>ad</span> <span class='ocrx_word' id='word_1_33' title='bbox 1032 1755 1128 1818; x_wconf 88' lang='lat' dir='ltr'>Rom.</span> <span class='ocrx_word' id='word_1_34' title='bbox 1157 1753 1214 1835; x_wconf 83' lang='lat'>5¹,</span> <span class='ocrx_word' id='word_1_35' title='bbox 1239 1772 1308 1818; x_wconf 94' lang='lat' dir='ltr'>non</span> <span class='ocrx_word' id='word_1_36' title='bbox 1331 1753 1399 1817; x_wconf 91' lang='lat' dir='ltr'>nisi</span> 
     </span>
     <span class='ocr_line' id='line_1_8' title="bbox 176 1859 1401 1944; baseline -0.002 -19"><span class='ocrx_word' id='word_1_37' title='bbox 176 1859 285 1944; x_wconf 72' lang='lat' dir='ltr'>quia²</span> <span class='ocrx_word' id='word_1_38' title='bbox 310 1863 453 1927; x_wconf 86' lang='lat' dir='ltr'>fuerunt</span> <span class='ocrx_word' id='word_1_39' title='bbox 476 1862 514 1925; x_wconf 90' lang='lat' dir='ltr'>in</span> <span class='ocrx_word' id='word_1_40' title='bbox 537 1879 579 1925; x_wconf 87' lang='lat' dir='ltr'>eo</span> <span class='ocrx_word' id='word_1_41' title='bbox 604 1863 798 1925; x_wconf 85' lang='lat' dir='ltr'>secundum</span> <span class='ocrx_word' id='word_1_42' title='bbox 824 1863 997 1926; x_wconf 92' lang='lat' dir='ltr'>rationem</span> <span class='ocrx_word' id='word_1_43' title='bbox 1021 1862 1246 1941; x_wconf 65' lang='lat' dir='ltr'>seminalem</span> <span class='ocrx_word' id='word_1_44' title='bbox 1271 1861 1321 1924; x_wconf 90' lang='lat' dir='ltr'>ita</span> <span class='ocrx_word' id='word_1_45' title='bbox 1336 1861 1401 1924; x_wconf 84' lang='lat' dir='ltr'>fuit</span> 
     </span>
     <span class='ocr_line' id='line_1_9' title="bbox 176 1969 777 2052; baseline 0.002 -21"><span class='ocrx_word' id='word_1_46' title='bbox 176 1969 214 2032; x_wconf 92' lang='lat' dir='ltr'>in</span> <span class='ocrx_word' id='word_1_47' title='bbox 238 1987 280 2034; x_wconf 94' lang='lat' dir='ltr'>eo</span> <span class='ocrx_word' id='word_1_48' title='bbox 304 1970 410 2034; x_wconf 89' lang='lat' dir='ltr'>beata</span> <span class='ocrx_word' id='word_1_49' title='bbox 433 1969 556 2052; x_wconf 88' lang='lat' dir='ltr'>Virgo:</span> <span class='ocrx_word' id='word_1_50' title='bbox 581 1969 689 2051; x_wconf 89' lang='lat' dir='ltr'>igitur</span> <span class='ocrx_word' id='word_1_51' title='bbox 712 1972 777 2033; x_wconf 89' lang='lat' dir='ltr'>etc.</span> 
     </span>
    </p>

    <p class='ocr_par' dir='ltr' id='par_1_7' title="bbox 176 2071 1400 2373">
     <span class='ocr_line' id='line_1_10' title="bbox 265 2071 1399 2158; baseline -0.002 -18"><span class='ocrx_word' id='word_1_52' title='bbox 265 2079 295 2141; x_wconf 77' lang='lat'>2.</span> <span class='ocrx_word' id='word_1_53' title='bbox 320 2077 418 2158; x_wconf 84' lang='lat' dir='ltr'>Item,</span> <span class='ocrx_word' id='word_1_54' title='bbox 438 2078 680 2142; x_wconf 87' lang='lat' dir='ltr'>Damascenus</span> <span class='ocrx_word' id='word_1_55' title='bbox 697 2095 727 2143; x_wconf 91' lang='lat' dir='ltr'>c.</span> <span class='ocrx_word' id='word_1_56' title='bbox 747 2077 788 2140; x_wconf 89' lang='grc'>10</span> <span class='ocrx_word' id='word_1_57' title='bbox 804 2079 839 2141; x_wconf 90' lang='lat' dir='ltr'>et</span> <span class='ocrx_word' id='word_1_58' title='bbox 855 2075 898 2140; x_wconf 80' lang='lat'>48</span> <span class='ocrx_word' id='word_1_59' title='bbox 911 2071 938 2140; x_wconf 82' lang='lat'>³:</span> <span class='ocrx_word' id='word_1_60' title='bbox 963 2101 977 2130; x_wconf 81' lang='lat'><strong>‹</strong></span> <span class='ocrx_word' id='word_1_61' title='bbox 989 2075 1140 2158; x_wconf 85' lang='lat' dir='ltr'>Spiritus</span> <span class='ocrx_word' id='word_1_62' title='bbox 1157 2080 1299 2150; x_wconf 88' lang='lat' dir='ltr'>sanctus</span> <span class='ocrx_word' id='word_1_63' title='bbox 1323 2092 1399 2155; x_wconf 89' lang='lat' dir='ltr'>pur·</span> 
     </span>
     <span class='ocr_line' id='line_1_11' title="bbox 176 2180 1400 2266; baseline -0.001 -21"><span class='ocrx_word' id='word_1_64' title='bbox 176 2182 276 2263; x_wconf 85' lang='lat' dir='ltr'>gavit</span> <span class='ocrx_word' id='word_1_65' title='bbox 299 2200 378 2248; x_wconf 89' lang='lat' dir='ltr'>eam</span> <span class='ocrx_word' id='word_1_66' title='bbox 396 2203 426 2265; x_wconf 87' lang='lat'>›;</span> <span class='ocrx_word' id='word_1_67' title='bbox 451 2183 617 2266; x_wconf 85' lang='lat' dir='ltr'>purgatio</span> <span class='ocrx_word' id='word_1_68' title='bbox 648 2202 718 2248; x_wconf 92' lang='lat' dir='ltr'>non</span> <span class='ocrx_word' id='word_1_69' title='bbox 747 2183 890 2248; x_wconf 82' lang='lat' dir='ltr'>est&#39;nisi</span> <span class='ocrx_word' id='word_1_70' title='bbox 915 2201 936 2246; x_wconf 91' lang='lat' dir='ltr'>a</span> <span class='ocrx_word' id='word_1_71' title='bbox 960 2185 1121 2264; x_wconf 91' lang='lat' dir='ltr'>peccato:</span> <span class='ocrx_word' id='word_1_72' title='bbox 1146 2180 1254 2261; x_wconf 90' lang='lat' dir='ltr'>igitur</span> <span class='ocrx_word' id='word_1_73' title='bbox 1277 2180 1400 2244; x_wconf 85' lang='lat' dir='ltr'>habuit</span> 
     </span>
     <span class='ocr_line' id='line_1_12' title="bbox 176 2280 1386 2373; baseline 0.002 -21"><span class='ocrx_word' id='word_1_74' title='bbox 176 2294 378 2371; x_wconf 64' lang='lat' dir='ltr'>peccatum</span> <span class='ocrx_word' id='word_1_75' title='bbox 403 2308 473 2355; x_wconf 93' lang='lat' dir='ltr'>non</span> <span class='ocrx_word' id='word_1_76' title='bbox 496 2292 653 2356; x_wconf 88' lang='lat' dir='ltr'>actuale:</span> <span class='ocrx_word' id='word_1_77' title='bbox 679 2291 789 2373; x_wconf 86' lang='lat' dir='ltr'>igitur</span> <span class='ocrx_word' id='word_1_78' title='bbox 813 2296 878 2354; x_wconf 90' lang='lat' dir='ltr'>etc.</span> <span class='ocrx_word' id='word_1_79' title='bbox 1385 2280 1386 2283; x_wconf 48' lang='lat'>&#39;</span> 
     </span>
    </p>

    <p class='ocr_par' dir='ltr' id='par_1_8' title="bbox 176 2392 1429 2690">
     <span class='ocr_line' id='line_1_13' title="bbox 265 2392 1429 2476; baseline 0 -19"><span class='ocrx_word' id='word_1_80' title='bbox 265 2396 296 2458; x_wconf 89' lang='lat'>3.</span> <span class='ocrx_word' id='word_1_81' title='bbox 321 2395 421 2475; x_wconf 85' lang='lat' dir='ltr'>Item,</span> <span class='ocrx_word' id='word_1_82' title='bbox 446 2395 676 2476; x_wconf 85' lang='lat' dir='ltr'>Augustinus,</span> <span class='ocrx_word' id='word_1_83' title='bbox 701 2397 752 2458; x_wconf 81' lang='lat' dir='ltr'>De</span> <span class='ocrx_word' id='word_1_84' title='bbox 776 2394 847 2474; x_wconf 76' lang='lat' dir='ltr'>fide</span> <span class='ocrx_word' id='word_1_85' title='bbox 871 2393 919 2458; x_wconf 85' lang='lat' dir='ltr'>ool</span> <span class='ocrx_word' id='word_1_86' title='bbox 937 2392 1130 2458; x_wconf 73' lang='lat' dir='ltr'>Petram⁴z</span> <span class='ocrx_word' id='word_1_87' title='bbox 1156 2394 1399 2457; x_wconf 74' lang='lat' dir='ltr'>«Firmissime</span> <span class='ocrx_word' id='word_1_88' title='bbox 1424 2457 1429 2464; x_wconf 79' lang='grc'>,</span> 
     </span>
     <span class='ocr_line' id='line_1_14' title="bbox 177 2500 1399 2583; baseline 0.001 -20"><span class='ocrx_word' id='word_1_89' title='bbox 177 2504 268 2582; x_wconf 88' lang='lat' dir='ltr'>tene,</span> <span class='ocrx_word' id='word_1_90' title='bbox 293 2518 432 2565; x_wconf 92' lang='lat' dir='ltr'>omnem</span> <span class='ocrx_word' id='word_1_91' title='bbox 458 2500 648 2582; x_wconf 91' lang='lat' dir='ltr'>hominem,</span> <span class='ocrx_word' id='word_1_92' title='bbox 671 2502 731 2583; x_wconf 89' lang='lat' dir='ltr'>qui</span> <span class='ocrx_word' id='word_1_93' title='bbox 755 2518 819 2582; x_wconf 90' lang='lat' dir='ltr'>per</span> <span class='ocrx_word' id='word_1_94' title='bbox 842 2502 1067 2566; x_wconf 85' lang='lat' dir='ltr'>concubitum</span> <span class='ocrx_word' id='word_1_95' title='bbox 1088 2500 1157 2566; x_wconf 88' lang='lat' dir='ltr'>viri</span> <span class='ocrx_word' id='word_1_96' title='bbox 1182 2507 1217 2565; x_wconf 90' lang='lat' dir='ltr'>et</span> <span class='ocrx_word' id='word_1_97' title='bbox 1240 2500 1399 2565; x_wconf 89' lang='lat' dir='ltr'>mulieris</span> 
     </span>
     <span class='ocr_line' id='line_1_15' title="bbox 176 2603 1041 2690; baseline -0.001 -20"><span class='ocrx_word' id='word_1_98' title='bbox 176 2607 385 2689; x_wconf 88' lang='lat' dir='ltr'>concipitur,</span> <span class='ocrx_word' id='word_1_99' title='bbox 410 2626 491 2674; x_wconf 87' lang='lat' dir='ltr'>cum</span> <span class='ocrx_word' id='word_1_100' title='bbox 514 2612 664 2690; x_wconf 85' lang='lat' dir='ltr'>peccato</span> <span class='ocrx_word' id='word_1_101' title='bbox 689 2607 850 2690; x_wconf 83' lang='lat' dir='ltr'>originali</span> <span class='ocrx_word' id='word_1_102' title='bbox 875 2603 1041 2670; x_wconf 79' lang='lat' dir='ltr'>nasoi⁵».</span> 
     </span>
    </p>

    <p class='ocr_par' dir='ltr' id='par_1_9' title="bbox 176 2709 1399 3009">
     <span class='ocr_line' id='line_1_16' title="bbox 264 2709 1397 2796; baseline 0.004 -21"><span class='ocrx_word' id='word_1_103' title='bbox 264 2715 294 2776; x_wconf 84' lang='lat'>4.</span> <span class='ocrx_word' id='word_1_104' title='bbox 315 2714 419 2794; x_wconf 78' lang='lat' dir='ltr'>item,</span> <span class='ocrx_word' id='word_1_105' title='bbox 444 2712 563 2777; x_wconf 79' lang='lat' dir='ltr'>idem⁶</span> <span class='ocrx_word' id='word_1_106' title='bbox 581 2735 687 2795; x_wconf 91' lang='lat' dir='ltr'>super</span> <span class='ocrx_word' id='word_1_107' title='bbox 710 2715 797 2779; x_wconf 92' lang='lat' dir='ltr'>illud</span> <span class='ocrx_word' id='word_1_108' title='bbox 814 2709 968 2777; x_wconf 83' lang='lat' dir='ltr'>Ioannis:</span> <span class='ocrx_word' id='word_1_109' title='bbox 986 2712 1076 2777; x_wconf 81' lang='lat' dir='ltr'>Ecce</span> <span class='ocrx_word' id='word_1_110' title='bbox 1092 2713 1214 2796; x_wconf 70' lang='lat' dir='ltr'>Agnus</span> <span class='ocrx_word' id='word_1_111' title='bbox 1231 2715 1299 2779; x_wconf 82' lang='lat' dir='ltr'>Dei</span> <span class='ocrx_word' id='word_1_112' title='bbox 1320 2719 1397 2779; x_wconf 80' lang='lat' dir='ltr'>etc:</span> 
     </span>
     <span class='ocr_line' id='line_1_17' title="bbox 182 2817 1399 2902; baseline 0.002 -20"><span class='ocrx_word' id='word_1_113' title='bbox 182 2844 196 2873; x_wconf 82' lang='lat'>‹</span> <span class='ocrx_word' id='word_1_114' title='bbox 208 2817 311 2883; x_wconf 87' lang='lat' dir='ltr'>Solus</span> <span class='ocrx_word' id='word_1_115' title='bbox 334 2820 515 2901; x_wconf 74' lang='lat' dir='ltr'>innocens</span> <span class='ocrx_word' id='word_1_116' title='bbox 539 2819 599 2902; x_wconf 90' lang='lat' dir='ltr'>qui</span> <span class='ocrx_word' id='word_1_117' title='bbox 624 2819 677 2884; x_wconf 91' lang='lat' dir='ltr'>sic</span> <span class='ocrx_word' id='word_1_118' title='bbox 701 2837 769 2883; x_wconf 93' lang='lat' dir='ltr'>non</span> <span class='ocrx_word' id='word_1_119' title='bbox 787 2819 929 2899; x_wconf 85' lang='lat' dir='ltr'>venit»,</span> <span class='ocrx_word' id='word_1_120' title='bbox 946 2818 1082 2884; x_wconf 90' lang='lat' dir='ltr'>scilicet</span> <span class='ocrx_word' id='word_1_121' title='bbox 1099 2822 1291 2886; x_wconf 89' lang='lat' dir='ltr'>secundum</span> <span class='ocrx_word' id='word_1_122' title='bbox 1309 2839 1399 2886; x_wconf 88' lang='lat' dir='ltr'>corn-</span> 
     </span>
     <span class='ocr_line' id='line_1_18' title="bbox 176 2927 654 3009; baseline 0.002 -19"><span class='ocrx_word' id='word_1_123' title='bbox 176 2944 317 2991; x_wconf 87' lang='lat' dir='ltr'>munem</span> <span class='ocrx_word' id='word_1_124' title='bbox 342 2927 654 3009; x_wconf 71' lang='lat' dir='ltr'>propagationem.</span> 
     </span>
    </p>

    <p class='ocr_par' dir='ltr' id='par_1_10' title="bbox 175 3030 1398 3332">
     <span class='ocr_line' id='line_1_19' title="bbox 264 3030 1396 3115; baseline 0.001 -17"><span class='ocrx_word' id='word_1_125' title='bbox 264 3035 294 3098; x_wconf 85' lang='lat' dir='ltr'>b.</span> <span class='ocrx_word' id='word_1_126' title='bbox 320 3033 421 3114; x_wconf 84' lang='lat' dir='ltr'>Item,</span> <span class='ocrx_word' id='word_1_127' title='bbox 444 3033 515 3098; x_wconf 90' lang='lat' dir='ltr'>Leo</span> <span class='ocrx_word' id='word_1_128' title='bbox 541 3034 639 3115; x_wconf 89' lang='lat' dir='ltr'>Papa</span> <span class='ocrx_word' id='word_1_129' title='bbox 663 3033 700 3096; x_wconf 92' lang='lat' dir='ltr'>in</span> <span class='ocrx_word' id='word_1_130' title='bbox 726 3033 900 3100; x_wconf 75' lang='lat' dir='ltr'>Sermone</span> <span class='ocrx_word' id='word_1_131' title='bbox 917 3033 961 3100; x_wconf 84' lang='lat' dir='ltr'>de</span> <span class='ocrx_word' id='word_1_132' title='bbox 978 3033 1182 3100; x_wconf 79' lang='lat' dir='ltr'>Nativitate</span> <span class='ocrx_word' id='word_1_133' title='bbox 1206 3036 1354 3099; x_wconf 79' lang='lat' dir='ltr'>Domini</span> <span class='ocrx_word' id='word_1_134' title='bbox 1367 3030 1396 3098; x_wconf 78' lang='lat'>⁷:</span> 
     </span>
     <span class='ocr_line' id='line_1_20' title="bbox 181 3139 1398 3223; baseline 0 -19"><span class='ocrx_word' id='word_1_135' title='bbox 181 3139 307 3204; x_wconf 74' lang='lat' dir='ltr'>«Sicut</span> <span class='ocrx_word' id='word_1_136' title='bbox 330 3159 351 3204; x_wconf 91' lang='lat' dir='ltr'>a</span> <span class='ocrx_word' id='word_1_137' title='bbox 375 3145 477 3206; x_wconf 87' lang='lat' dir='ltr'>reatu</span> <span class='ocrx_word' id='word_1_138' title='bbox 500 3142 637 3205; x_wconf 90' lang='lat' dir='ltr'>nullum</span> <span class='ocrx_word' id='word_1_139' title='bbox 662 3141 814 3206; x_wconf 90' lang='lat' dir='ltr'>liberum</span> <span class='ocrx_word' id='word_1_140' title='bbox 838 3144 981 3223; x_wconf 87' lang='lat' dir='ltr'>reperit,</span> <span class='ocrx_word' id='word_1_141' title='bbox 1006 3145 1055 3206; x_wconf 93' lang='lat' dir='ltr'>ita</span> <span class='ocrx_word' id='word_1_142' title='bbox 1078 3142 1272 3208; x_wconf 85' lang='lat' dir='ltr'>liberandis</span> <span class='ocrx_word' id='word_1_143' title='bbox 1289 3143 1398 3206; x_wconf 89' lang='lat' dir='ltr'>omni-</span> 
     </span>
     <span class='ocr_line' id='line_1_21' title="bbox 175 3248 632 3332; baseline 0.002 -21"><span class='ocrx_word' id='word_1_144' title='bbox 175 3248 240 3312; x_wconf 91' lang='lat' dir='ltr'>bus</span> <span class='ocrx_word' id='word_1_145' title='bbox 264 3248 363 3313; x_wconf 91' lang='lat' dir='ltr'>venit</span> <span class='ocrx_word' id='word_1_146' title='bbox 376 3267 406 3314; x_wconf 76' lang='grc' dir='ltr'>»ε</span> <span class='ocrx_word' id='word_1_147' title='bbox 419 3286 421 3291; x_wconf 92' lang='grc'>-</span> <span class='ocrx_word' id='word_1_148' title='bbox 433 3248 542 3332; x_wconf 89' lang='lat' dir='ltr'>igitur</span> <span class='ocrx_word' id='word_1_149' title='bbox 566 3253 632 3314; x_wconf 90' lang='lat' dir='ltr'>etc.</span> 
     </span>
    </p>

    <p class='ocr_par' dir='ltr' id='par_1_11' title="bbox 174 3353 1397 3540">
     <span class='ocr_line' id='line_1_22' title="bbox 265 3353 1397 3438; baseline -0.001 -21"><span class='ocrx_word' id='word_1_150' title='bbox 265 3356 294 3418; x_wconf 83' lang='lat'>6.</span> <span class='ocrx_word' id='word_1_151' title='bbox 319 3356 419 3435; x_wconf 88' lang='lat' dir='ltr'>Item,</span> <span class='ocrx_word' id='word_1_152' title='bbox 444 3357 681 3438; x_wconf 88' lang='lat' dir='ltr'>Hieronymus</span> <span class='ocrx_word' id='word_1_153' title='bbox 705 3373 812 3437; x_wconf 89' lang='lat' dir='ltr'>super</span> <span class='ocrx_word' id='word_1_154' title='bbox 839 3354 929 3420; x_wconf 92' lang='lat' dir='ltr'>illud</span> <span class='ocrx_word' id='word_1_155' title='bbox 952 3353 1123 3422; x_wconf 83' lang='lat' dir='ltr'>Psalmi⁸:</span> <span class='ocrx_word' id='word_1_156' title='bbox 1148 3357 1194 3421; x_wconf 84' lang='lat' dir='ltr'>Et</span> <span class='ocrx_word' id='word_1_157' title='bbox 1217 3355 1261 3421; x_wconf 82' lang='lat' dir='ltr'>de</span> <span class='ocrx_word' id='word_1_158' title='bbox 1285 3371 1397 3418; x_wconf 79' lang='lat' dir='ltr'>manu</span> 
     </span>
     <span class='ocr_line' id='line_1_23' title="bbox 174 3461 1041 3540; baseline 0.005 -16"><span class='ocrx_word' id='word_1_159' title='bbox 174 3461 276 3526; x_wconf 83' lang='lat' dir='ltr'>cunis</span> <span class='ocrx_word' id='word_1_160' title='bbox 299 3461 448 3526; x_wconf 78' lang='lat' dir='ltr'>unicam</span> <span class='ocrx_word' id='word_1_161' title='bbox 472 3478 601 3540; x_wconf 82' lang='lat' dir='ltr'>meam,</span> <span class='ocrx_word' id='word_1_162' title='bbox 630 3465 772 3529; x_wconf 90' lang='lat' dir='ltr'>videtur</span> <span class='ocrx_word' id='word_1_163' title='bbox 796 3463 889 3529; x_wconf 92' lang='lat' dir='ltr'>idem</span> <span class='ocrx_word' id='word_1_164' title='bbox 911 3464 1041 3528; x_wconf 88' lang='lat' dir='ltr'>dicere.</span> 
     </span>
    </p>
   </div>
   <div class='ocr_carea' id='block_1_5' title="bbox 172 3743 1393 4612">
    <p class='ocr_par' dir='ltr' id='par_1_12' title="bbox 245 3743 420 3797">
     <span class='ocr_line' id='line_1_24' title="bbox 245 3743 420 3797; baseline -0.023 0"><span class='ocrx_word' id='word_1_165' title='bbox 245 3744 253 3775; x_wconf 85' lang='lat'><em>¹</em></span> <span class='ocrx_word' id='word_1_166' title='bbox 274 3743 357 3797; x_wconf 90' lang='lat' dir='ltr'>Vers.</span> <span class='ocrx_word' id='word_1_167' title='bbox 379 3744 420 3794; x_wconf 84' lang='lat'>12.</span> 
     </span>
    </p>

    <p class='ocr_par' dir='ltr' id='par_1_13' title="bbox 244 3828 419 3897">
     <span class='ocr_line' id='line_1_25' title="bbox 244 3828 419 3897; baseline 0.006 -17"><span class='ocrx_word' id='word_1_168' title='bbox 244 3830 254 3860; x_wconf 76' lang='lat'>²</span> <span class='ocrx_word' id='word_1_169' title='bbox 274 3828 339 3881; x_wconf 85' lang='lat' dir='ltr'>Pat.</span> <span class='ocrx_word' id='word_1_170' title='bbox 358 3828 419 3897; x_wconf 84' lang='lat' dir='ltr'>qui.</span> 
     </span>
    </p>

    <p class='ocr_par' dir='ltr' id='par_1_14' title="bbox 243 3915 685 3986">
     <span class='ocr_line' id='line_1_26' title="bbox 243 3915 685 3986; baseline -0.007 -16"><span class='ocrx_word' id='word_1_171' title='bbox 243 3918 254 3949; x_wconf 83' lang='lat'>³</span> <span class='ocrx_word' id='word_1_172' title='bbox 273 3915 319 3970; x_wconf 93' lang='grc' dir='ltr'>ΙΙΙ</span> <span class='ocrx_word' id='word_1_173' title='bbox 339 3918 383 3970; x_wconf 87' lang='lat' dir='ltr'>De</span> <span class='ocrx_word' id='word_1_174' title='bbox 401 3916 458 3986; x_wconf 78' lang='lat' dir='ltr'>fide</span> <span class='ocrx_word' id='word_1_175' title='bbox 477 3917 599 3982; x_wconf 74' lang='lat' dir='ltr'>orthod,</span> <span class='ocrx_word' id='word_1_176' title='bbox 617 3932 640 3969; x_wconf 88' lang='lat' dir='ltr'>o.</span> <span class='ocrx_word' id='word_1_177' title='bbox 660 3917 685 3968; x_wconf 78' lang='lat'>2.</span> 
     </span>
    </p>

    <p class='ocr_par' dir='ltr' id='par_1_15' title="bbox 243 4005 1088 4077">
     <span class='ocr_line' id='line_1_27' title="bbox 243 4005 1088 4077; baseline -0.002 -17"><span class='ocrx_word' id='word_1_178' title='bbox 243 4007 254 4038; x_wconf 78' lang='lat'><strong>⁴</strong></span> <span class='ocrx_word' id='word_1_179' title='bbox 273 4006 378 4061; x_wconf 90' lang='lat' dir='ltr'>Potius</span> <span class='ocrx_word' id='word_1_180' title='bbox 399 4005 590 4077; x_wconf 74' lang='lat' dir='ltr'>FulgentiuS,</span> <span class='ocrx_word' id='word_1_181' title='bbox 609 4007 653 4059; x_wconf 87' lang='lat' dir='ltr'>De</span> <span class='ocrx_word' id='word_1_182' title='bbox 671 4005 729 4075; x_wconf 78' lang='lat' dir='ltr'>fide</span> <span class='ocrx_word' id='word_1_183' title='bbox 747 4005 788 4059; x_wconf 80' lang='lat' dir='ltr'>ad</span> <span class='ocrx_word' id='word_1_184' title='bbox 800 4006 888 4071; x_wconf 71' lang='lat' dir='ltr'>Pela,</span> <span class='ocrx_word' id='word_1_185' title='bbox 901 4022 924 4059; x_wconf 90' lang='lat' dir='ltr'>c.</span> <span class='ocrx_word' id='word_1_186' title='bbox 944 4007 1025 4059; x_wconf 78' lang='lat'>2611.</span> <span class='ocrx_word' id='word_1_187' title='bbox 1045 4007 1088 4059; x_wconf 87' lang='grc'>69.</span> 
     </span>
    </p>

    <p class='ocr_par' dir='ltr' id='par_1_16' title="bbox 172 4094 1393 4346">
     <span class='ocr_line' id='line_1_28' title="bbox 243 4094 1393 4168; baseline 0.003 -20"><span class='ocrx_word' id='word_1_188' title='bbox 243 4098 254 4127; x_wconf 79' lang='lat'>⁵</span> <span class='ocrx_word' id='word_1_189' title='bbox 273 4095 340 4149; x_wconf 75' lang='lat' dir='ltr'>(lod.</span> <span class='ocrx_word' id='word_1_190' title='bbox 362 4095 385 4147; x_wconf 77' lang='lat' dir='ltr'><strong>F</strong></span> <span class='ocrx_word' id='word_1_191' title='bbox 405 4100 435 4149; x_wconf 88' lang='lat' dir='ltr'>et</span> <span class='ocrx_word' id='word_1_192' title='bbox 454 4095 476 4148; x_wconf 84' lang='lat'>0</span> <span class='ocrx_word' id='word_1_193' title='bbox 496 4094 625 4149; x_wconf 89' lang='lat' dir='ltr'>addunt:</span> <span class='ocrx_word' id='word_1_194' title='bbox 652 4094 711 4147; x_wconf 82' lang='lat' dir='ltr'>«Et</span> <span class='ocrx_word' id='word_1_195' title='bbox 731 4095 853 4165; x_wconf 89' lang='lat' dir='ltr'>ponitur</span> <span class='ocrx_word' id='word_1_196' title='bbox 874 4096 1039 4149; x_wconf 84' lang='lat' dir='ltr'>auctoritas</span> <span class='ocrx_word' id='word_1_197' title='bbox 1058 4094 1128 4148; x_wconf 89' lang='lat' dir='ltr'>libri</span> <span class='ocrx_word' id='word_1_198' title='bbox 1147 4095 1177 4147; x_wconf 91' lang='lat' dir='ltr'>II</span> <span class='ocrx_word' id='word_1_199' title='bbox 1196 4095 1263 4149; x_wconf 89' lang='lat' dir='ltr'>dist.</span> <span class='ocrx_word' id='word_1_200' title='bbox 1282 4098 1319 4151; x_wconf 78' lang='lat'>30</span> <span class='ocrx_word' id='word_1_201' title='bbox 1331 4116 1393 4168; x_wconf 88' lang='lat' dir='ltr'>sep·</span> 
     </span>
     <span class='ocr_line' id='line_1_29' title="bbox 173 4183 1393 4256; baseline -0.001 -19"><span class='ocrx_word' id='word_1_202' title='bbox 173 4185 246 4237; x_wconf 90' lang='lat' dir='ltr'>timo</span> <span class='ocrx_word' id='word_1_203' title='bbox 266 4183 413 4252; x_wconf 88' lang='lat' dir='ltr'>capitulo:</span> <span class='ocrx_word' id='word_1_204' title='bbox 433 4183 506 4238; x_wconf 86' lang='lat' dir='ltr'>‘Sed</span> <span class='ocrx_word' id='word_1_205' title='bbox 527 4184 606 4254; x_wconf 91' lang='lat' dir='ltr'>quod</span> <span class='ocrx_word' id='word_1_206' title='bbox 626 4183 774 4255; x_wconf 86' lang='lat' dir='ltr'>originale</span> <span class='ocrx_word' id='word_1_207' title='bbox 787 4190 941 4256; x_wconf 84' lang='lat' dir='ltr'>peccatum</span> <span class='ocrx_word' id='word_1_208' title='bbox 952 4187 973 4251; x_wconf 74' lang='grc' dir='ltr'>’ς</span> <span class='ocrx_word' id='word_1_209' title='bbox 988 4185 1040 4238; x_wconf 91' lang='lat' dir='ltr'>sed</span> <span class='ocrx_word' id='word_1_210' title='bbox 1053 4184 1141 4238; x_wconf 85' lang='lat' dir='ltr'>beata</span> <span class='ocrx_word' id='word_1_211' title='bbox 1154 4183 1246 4255; x_wconf 87' lang='lat' dir='ltr'>Virgo</span> <span class='ocrx_word' id='word_1_212' title='bbox 1259 4193 1313 4241; x_wconf 86' lang='lat' dir='ltr'>etc.</span> <span class='ocrx_word' id='word_1_213' title='bbox 1324 4211 1348 4242; x_wconf 81' lang='grc'>»,</span> <span class='ocrx_word' id='word_1_214' title='bbox 1361 4221 1393 4227; x_wconf 87' lang='grc'><strong>-</strong></span> 
     </span>
     <span class='ocr_line' id='line_1_30' title="bbox 172 4273 805 4346; baseline -0.002 -17"><span class='ocrx_word' id='word_1_215' title='bbox 172 4274 247 4329; x_wconf 86' lang='lat' dir='ltr'>Vide</span> <span class='ocrx_word' id='word_1_216' title='bbox 265 4275 387 4343; x_wconf 69' lang='lat' dir='ltr'>Bonan,</span> <span class='ocrx_word' id='word_1_217' title='bbox 407 4280 477 4329; x_wconf 91' lang='lat' dir='ltr'>tom.</span> <span class='ocrx_word' id='word_1_218' title='bbox 498 4273 529 4328; x_wconf 94' lang='lat' dir='ltr'>II</span> <span class='ocrx_word' id='word_1_219' title='bbox 548 4293 616 4346; x_wconf 85' lang='lat' dir='ltr'>pag.</span> <span class='ocrx_word' id='word_1_220' title='bbox 636 4274 686 4328; x_wconf 79' lang='grc'>111</span> <span class='ocrx_word' id='word_1_221' title='bbox 707 4275 761 4329; x_wconf 91' lang='lat' dir='ltr'>col.</span> <span class='ocrx_word' id='word_1_222' title='bbox 783 4277 805 4328; x_wconf 93' lang='grc'><strong>1,</strong></span> 
     </span>
    </p>

    <p class='ocr_par' dir='ltr' id='par_1_17' title="bbox 243 4364 818 4435">
     <span class='ocr_line' id='line_1_31' title="bbox 243 4364 818 4435; baseline 0.002 -20"><span class='ocrx_word' id='word_1_223' title='bbox 243 4364 254 4394; x_wconf 79' lang='lat'><strong>⁶</strong></span> <span class='ocrx_word' id='word_1_224' title='bbox 275 4366 372 4416; x_wconf 85' lang='lat' dir='ltr'>Tract.</span> <span class='ocrx_word' id='word_1_225' title='bbox 391 4369 409 4416; x_wconf 83' lang='grc'><strong><em>4</em></strong></span> <span class='ocrx_word' id='word_1_226' title='bbox 428 4365 460 4418; x_wconf 82' lang='lat' dir='ltr'>in</span> <span class='ocrx_word' id='word_1_227' title='bbox 479 4367 563 4418; x_wconf 86' lang='lat' dir='ltr'>Ioan.</span> <span class='ocrx_word' id='word_1_228' title='bbox 583 4367 708 4435; x_wconf 68' lang='lat' dir='ltr'>Evanp„</span> <span class='ocrx_word' id='word_1_229' title='bbox 727 4382 755 4417; x_wconf 90' lang='lat' dir='ltr'>n.</span> <span class='ocrx_word' id='word_1_230' title='bbox 777 4364 818 4417; x_wconf 90' lang='grc'>10.</span> 
     </span>
    </p>

    <p class='ocr_par' dir='ltr' id='par_1_18' title="bbox 244 4450 1009 4523">
     <span class='ocr_line' id='line_1_32' title="bbox 244 4450 1009 4523; baseline -0.001 -19"><span class='ocrx_word' id='word_1_231' title='bbox 244 4452 254 4483; x_wconf 83' lang='lat'>⁷</span> <span class='ocrx_word' id='word_1_232' title='bbox 273 4450 364 4505; x_wconf 88' lang='lat' dir='ltr'>Serm.</span> <span class='ocrx_word' id='word_1_233' title='bbox 378 4452 411 4505; x_wconf 81' lang='lat'>21</span> <span class='ocrx_word' id='word_1_234' title='bbox 431 4452 518 4523; x_wconf 76' lang='lat' dir='ltr'>(alias</span> <span class='ocrx_word' id='word_1_235' title='bbox 537 4452 580 4520; x_wconf 80' lang='lat'>20,</span> <span class='ocrx_word' id='word_1_236' title='bbox 601 4457 632 4506; x_wconf 89' lang='lat' dir='ltr'>et</span> <span class='ocrx_word' id='word_1_237' title='bbox 652 4454 665 4505; x_wconf 91' lang='grc'><strong>1</strong></span> <span class='ocrx_word' id='word_1_238' title='bbox 686 4454 718 4506; x_wconf 92' lang='lat' dir='ltr'>in</span> <span class='ocrx_word' id='word_1_239' title='bbox 737 4454 806 4508; x_wconf 86' lang='lat' dir='ltr'>Nat.</span> <span class='ocrx_word' id='word_1_240' title='bbox 826 4453 922 4522; x_wconf 89' lang='lat' dir='ltr'>Dom.)</span> <span class='ocrx_word' id='word_1_241' title='bbox 940 4469 964 4506; x_wconf 89' lang='lat' dir='ltr'>c.</span> <span class='ocrx_word' id='word_1_242' title='bbox 986 4452 1009 4504; x_wconf 92' lang='lat'>1.</span> 
     </span>
    </p>

    <p class='ocr_par' dir='ltr' id='par_1_19' title="bbox 243 4539 749 4612">
     <span class='ocr_line' id='line_1_33' title="bbox 243 4539 749 4612; baseline 0.006 -18"><span class='ocrx_word' id='word_1_243' title='bbox 243 4541 253 4572; x_wconf 81' lang='lat'>⁸</span> <span class='ocrx_word' id='word_1_244' title='bbox 273 4539 346 4594; x_wconf 88' lang='lat' dir='ltr'>Vide</span> <span class='ocrx_word' id='word_1_245' title='bbox 367 4559 458 4611; x_wconf 86' lang='lat' dir='ltr'>supra</span> <span class='ocrx_word' id='word_1_246' title='bbox 477 4558 545 4612; x_wconf 85' lang='lat' dir='ltr'>pag.</span> <span class='ocrx_word' id='word_1_247' title='bbox 565 4541 582 4594; x_wconf 83' lang='lat'>4</span> <span class='ocrx_word' id='word_1_248' title='bbox 602 4547 705 4597; x_wconf 81' lang='lat' dir='ltr'>notam</span> <span class='ocrx_word' id='word_1_249' title='bbox 724 4543 749 4597; x_wconf 78' lang='lat'>7.</span> 
     </span>
    </p>
   </div>
   <div class='ocr_carea' id='block_1_6' title="bbox 0 0 1708 5400">
    <p class='ocr_par' dir='ltr' id='par_1_20' title="bbox 0 0 1708 5400">
     <span class='ocr_line' id='line_1_34' title="bbox 0 0 1708 5400; baseline 0 2"><span class='ocrx_word' id='word_1_250' title='bbox 0 0 1708 5400; x_wconf 95' lang='lat' dir='ltr'> </span> 
     </span>
    </p>
   </div>
  </div>
 </body>
</html>
